2850 4892
254 196 306 303 ae
457 193 583 270 via.
609 193 818 267 tuear.
843 194 1086 293 arouse.

244 383 310 446 tui
321 383 539 464 sauguinem,
563 375 638 460 οἴμοι
660 373 832 466 ἄμβροτον,
860 397 893 443 vt
914 378 986 443 sunt
1017 398 1121 453 cetera
1147 370 1291 465 ⁴quoque,

256 507 340 571 quae
383 487 441 547 diis
491 485 690 559 tribuuntur,
734 481 841 546 similia
882 485 1073 546 mortalium.
1135 487 1295 567 Koeppen

256 607 289 655 et
319 586 382 670 ipse
420 586 607 663 mirabatur,
658 587 747 670 quod
782 582 876 671 ἰχώρ,
927 585 950 648 fi
981 587 1072 653 olim!
1087 593 1122 649 in
1151 590 1294 649 Homero
1323 640 1330 649 .

257 713 376 756 nomen
409 678 535 752 lectum*
556 691 615 751 luit
624 734 639 763 ‚t
681 710 749 752 non
779 689 819 751 ab
850 690 915 750 aliis
946 674 1046 772 poetis
1076 692 1135 752 fuit
1164 692 1294 772 adopta⁴

259 790 343 866 turm
369 789 507 876 ideoqu'e
533 792 701 855 accedebat
722 798 789 854 viro
812 792 925 864 docto,
950 799 1006 876 qui
1035 792 1135 857 versus
1159 793 1296 857 delebat.

259 895 344 960 Inest
366 896 470 978 aliqua
490 899 535 956 uis
562 895 635 957 huic
660 894 827 981 colligendi
849 896 963 957 modo:
997 899 1174 977 (inprimis,
1205 894 1228 956 fi
1255 895 1299 956 lu*

260 999 383 1083 [picerit
410 1014 500 1060 natos
533 995 592 1060 elle
625 997 727 1062 versus
756 1020 794 1059 ex
820 1015 935 1061 conatu
961 998 1133 1060 illustrandi
1156 1004 1220 1077 416
1244 997 1298 1063 ἐπ’

257 1098 336 1188 ἰχὼρ
363 1097 467 1186 χειρᾶς
491 1095 640 1185 ὀμόργνυ.)
683 1102 827 1177 Accedit,
851 1101 940 1186 quod
958 1123 1018 1164 nec
1041 1090 1201 1184 Apollonii
1222 1100 1298 1162 Lex.

259 1206 341 1267 hanc
368 1225 480 1265 vocem
510 1202 653 1288 agnoscit.
718 1192 835 1267 Verum
868 1221 920 1266 aut
954 1205 1096 1267 excidere
1123 1221 1175 1265 aut
1195 1209 1298 1265 omitti

260 1314 382 1399 popuit,
404 1322 437 1367 vt
461 1306 520 1368 alia
539 1308 653 1379 multa3
683 1307 965 1405 etdeficiuntxnor
998 1307 1037 1371 ab
1070 1308 1299 1389 antiquioribus

261 1412 304 1475 ad
331 1411 387 1471 hor
419 1407 520 1470 versus
549 1427 657 1472 notata
688 1415 722 1471 in
749 1410 829 1471 Ven.
864 1415 902 1472 A.
935 1416 990 1495 qui
1019 1411 1165 1473 lacunam
1195 1409 1299 1472 habet.

265 1517 413 1585 Occurrit
434 1510 497 1594 ipsa
522 1532 582 1573 vox
602 1518 642 1583 in·
657 1512 805 1594 Apollon.
833 1513 886 1588 111,
908 1518 970 1578 852
1007 1508 1181 1594 αἱματόεντ’
1202 1512 1300 1598 ἰχῶρα

265 1618 306 1681 de
334 1614 541 1692 Prometheo,
565 1631 598 1676 et
629 1616 685 1690 IV,
710 1619 791 1699 1679
820 1616 861 1677 de
879 1616 959 1677 Talo
985 1616 1129 1678 Rhodio:
1159 1627 1197 1681 ἐκ
1221 1616 1254 1680 δέ
1274 1620 1304 1680 οἱ

264 1714 342 1806 lxeip
366 1719 517 1804 τηκομένῳ
539 1718 638 1791 ἴκελος
657 1717 776 1803 μολίβῳ
799 1719 866 1802 ῥέεν
888 1740 982 1802 quam
1006 1742 1116 1815 vocem
1130 1718 1302 1801 Apollodo-

262 1845 327 1886 rur⁴
339 1843 466 1905 quoque
489 1826 616 1910 retinuit
637 1820 662 1894 1,
684 1841 716 1903 9,
732 1824 781 1884 26.
798 1821 882 1881 vnde
906 1839 1052 1906 apparet,
1067 1823 1172 1884 saltem
1190 1845 1208 1883 a
1224 1842 1299 1903 poe.

265 1932 328 1989 tico
357 1923 410 1985 vsu
444 1946 554 1985 vocem
584 1945 651 1985 non
677 1920 764 1984 luille
787 1923 930 1986 alienam.
994 1923 1122 1989 Pollunt
1139 1926 1302 2008 praeterea

233 2102 237 2111 Ι
264 2050 325 2113 pro
348 2027 420 2089 loco
447 2026 566 2088 tuendo
593 2012 696 2088 afferri
717 2024 810 2088 haec:
830 2033 933 2111 primo
954 2050 1021 2090 non
1041 2028 1128 2090 bene·
1152 2032 1303 2108 accipitur

265 2128 363 2217 ἰχὼρ,
388 2146 446 2213 pro
473 2135 602 2191 nomine
623 2130 729 2213 aliquo
752 2138 882 2213 proprio
905 2130 1058 2219 sanguinis
1080 2129 1133 2192 seu
1155 2129 1235 2190 succi
1256 2135 1303 2191 vi.
1419 2208 1420 2211 Ἴ

266 2236 335 2297 talis
359 2216 508 2303 deorum3
529 2232 613 2316 quafi
635 2234 688 2295 ille
713 2235 918 2316 appellandus
945 2233 983 2296 fit
1015 2228 1108 2320 ἰχώρ,
1143 2255 1210 2294 non
1239 2231 1304 2295 sau·
1419 2226 1420 2259 ³

121 2390 127 2395 .
253 2336 428 2426 ¹guis;.led
450 2334 493 2397 est
518 2340 735 2417 interpretatio
762 2338 832 2410 τοῦ,
850 2329 1001 2423 ἄμβροτον
1025 2328 1101 2427 urite
1123 2335 1225 2411 θεοῖο,
1247 2336 1304 2394 ltu·

265 2462 340 2503 mor
366 2441 505 2523 aliquis,
534 2437 601 2497 talis
630 2438 792 2519 quidem‚'
810 2438 908 2521 qualis
941 2435 1000 2498 elle
1029 2436 1131 2519 potest
1159 2439 1313 2511 deorum,r
1419 2466 1420 2469 ¹

266 2549 323 2628 qui
342 2537 493 2604 ambrofia
520 2555 551 2599 et
576 2555 702 2600 nectare
725 2545 854 2615 uiuunt,
883 2560 950 2601 non
971 2537 1042 2600 cibo
1063 2557 1096 2602 et
1114 2557 1194 2624 potu
1219 2563 1303 2603 mor·

267 2646 339 2719 tali3
361 2648 403 2704 ita
426 2658 458 2703 vt
479 2662 540 2702 uec
566 2639 691 2726 chylum
715 2658 747 2704 et
771 2642 949 2729 sanguinem
966 2640 1080 2705 habere
1095 2641 1303 2725 poffiutmor-

243 2747 379 2813 talem.
406 2765 509 2826 eoque
535 2742 601 2825 ipso
631 2742 762 2807 efficitur
792 2763 825 2808 vt
856 2746 1045 2807 immortales
1073 2744 1147 2817 lint:
1175 2766 1249 2808 nam
1278 2746 1304 2810 ss

264 2848 448 2934 sanguinem
473 2846 653 2909 mortalium
675 2847 846 2924 haberent,
870 2870 935 2933 quo
957 2855 1043 2923 vita,
1079 2846 1196 2930 priscae
1221 2867 1303 2913 aeta·
1354 2908 1357 2919 ,
1419 2866 1420 2869 ’

266 2959 304 3014 tis
329 2950 463 3024 iudicio,
487 2956 684 3027 continetur,
714 2969 745 3013 et
761 2958 859 3037 'cutus
881 2968 1024 3014 naturam
1047 2950 1088 3012 ad
1110 2953 1303 3034 corruptelas
1333 2999 1335 3002 -

266 3076 400 3139 pronam
420 3050 503 3113 bene
525 3069 657 3139 norant,
688 3075 756 3116 non
781 3072 928 3138 poterant
956 3053 1015 3117 elle
1038 3055 1234 3119 immortales.
1268 3053 1304 3115 si

168 3149 175 3159 ’
266 3165 310 3221 ita
332 3157 475 3242 colligas,
499 3158 635 3218 concidit
656 3164 755 3219 omnir
789 3156 873 3220 hunc
901 3158 1006 3219 locum
1037 3162 1221 3243 impugnans
1252 3178 1304 3219 ra·

266 3268 321 3325 tio.
380 3256 633 3340 Conspicat‘cum
659 3260 724 3336 hir,
748 3263 836 3344 quod
860 3267 988 3323 omnino
1015 3261 1180 3322 discrimen
1218 3264 1303 3324 inter

266 3352 343 3428 deos
367 3381 399 3425 et
419 3364 563 3424 mortales
585 3364 704 3451 vulgari
732 3386 820 3427 more
846 3370 888 3427 ita
922 3364 1113 3428 declaratum
1145 3370 1301 3428 occurrit:

267 3472 455 3552 quicunque
476 3482 587 3527 terrae
606 3489 742 3528 micuere
764 3468 933 3547 vescimur.
955 3453 986 3540 dc
1001 3460 1114 3553 &uarie
1135 3466 1163 3533 τ’
1186 3469 1233 3551 εἴη
1249 3471 1303 3545 καὶ
1419 3478 1420 3485 ’

263 3573 321 3637 ἴδοι
356 3566 664 3656 Δημήτεροοοέοιτῆν,
701 3572 738 3636 Jl.
760 3575 797 3647 Z,
825 3581 894 3652 ¹4²·
928 3573 967 3646 N,
990 3573 1063 3636 322.
1094 3570 1134 3631 cf.
1165 3572 1203 3645 Φ,
1226 3574 1302 3650 465.

264 3674 326 3759 Oti.
353 3676 391 3745 Θ,
416 3682 487 3752 224.
513 3672 698 3736 Omninofi
727 3676 776 3735 vel
798 3681 932 3737 maxime
957 3673 1157 3754 interpolatio
1182 3670 1302 3735 inceffit

263 3779 347 3839 ltunc
376 3766 502 3851 tocum‘,
531 3799 599 3841 non
628 3795 734 3840 tamen
766 3778 959 3863 illa·quaeri
987 3774 1088 3860 potest
1111 3773 1169 3839 nist
1187 3780 1221 3836 in
1244 3774 1299 3837 vlt.

209 3908 212 3912 ·
259 3887 333 3964 341·
352 3903 381 3943 a.
403 3875 452 3947 Ου’
472 3875 531 3964 adp
550 3915 593 3929 ·-
611 3877 735 3948 Totiueu’
756 3917 800 3961 ·.·
822 3883 863 3945 ad
886 3885 1173 3965 interpretationem
1194 3876 1297 3940 versus

259 3990 323 4066 540
344 3978 437 4071 Ιχοὶρ,
463 3974 525 4053 ule
542 4008 602 4069 περ
624 3982 787 4066 appositis:
808 4007 883 4049 uam
904 3985 1134 4069 interpolatoris
1158 4003 1225 4044 nou
1252 3979 1297 4043 est

259 4089 384 4151 doctam
411 4106 522 4149 vocem
550 4089 763 4172 interponere,
793 4088 849 4152 sed
878 4093 970 4169 docta
1003 4111 1062 4174 per
1084 4086 1225 4170 vulgaria
1248 4086 1293 4144 in-
