2850 4892
248 216 325 303 afa
451 214 813 293 vaurinc'rr.
839 220 912 291 ET
936 219 1084 299 OBSS.
1181 243 1186 248 ’

301 401 477 486 'Adscripsrt
502 403 632 466 eosdem
660 403 763 467 versus
797 407 859 488 289
874 383 918 456 .'.
942 430 1003 491 292
1043 406 1158 470 Strabo
1182 405 1235 470 lib.
1261 410 1288 472 I.

246 529 279 593 p.
304 514 345 591 69
367 511 548 570 Retinere
569 508 697 592 vulgata
726 508 883 585 lectione,
902 509 959 572 nist
982 502 1125 593 quodaic
1151 530 1212 595 pro
1230 507 1287 584 τοὶς

152 591 160 606 ⁸
247 611 359 690 habet,
396 631 468 674 cum
489 610 584 672 codd.
606 611 772 673 Herodoti
828 612 919 696 Idem
947 613 1001 676 lib.
1024 614 1116 692 XVI,
1149 637 1182 696 p.
1202 635 1287 697 ¹097.

246 711 284 779 C.
304 730 432 790 monet,
467 731 597 796 ‘poetas
628 714 780 777 Sidonem
816 722 931 803 magis⁴
951 738 1048 802 quam
1079 719 1200 802 Tyrum
1222 717 1284 776 ire·

245 835 416 906 quentaret
459 818 635 880 Homerum
663 833 770 881 autem
798 841 840 881 ne
860 840 1038 882 memorare
1063 822 1195 903 quidem
1217 821 1284 904 Ty.

245 944 327 986 rum,
350 921 474 982 Scilicet
501 917 555 983 etfi
579 918 682 1005 Tyrus
711 919 950 1005 entiquiffimam
980 928 1134 1008 originem
1160 921 1281 994 habuit,

181 1091 186 1107 ,
245 1023 365 1108 (saltem
388 1024 510 1087 CCXL.
531 1029 619 1086 annis
641 1041 714 1085 ante
739 1026 848 1108 templi
871 1027 1046 1089 Salomonii
1067 1027 1314 1088 ‘fundamenta‘

243 1134 344 1208 iacta,
385 1126 557 1189 secundum
591 1125 802 1190 Eusebianum
832 1134 1029 1213 computum)
1070 1146 1280 1192 mercatura·

242 1251 317 1295 men
347 1226 540 1314 temporibus
567 1230 713 1296 Troianis
747 1232 893 1294 nondum
922 1234 982 1295 suit
1013 1234 1095 1295 clara
1123 1232 1201 1295 haec
1222 1234 1280 1293 Pa-

242 1336 399 1420 laetyrus,
433 1336 485 1395 cui
501 1328 637 1394 successit
659 1334 763 1418 Tyrus
786 1339 819 1397 in
839 1335 953 1413 insula,
984 1337 1025 1399 de
1049 1342 1133 1399 cuius
1158 1340 1279 1421 origine

243 1444 308 1524 agii
335 1434 427 1501 locut
461 1434 569 1499 Iustini
608 1437 732 1512 XVIII,
767 1441 808 1513 5,
827 1440 865 1503 5:
899 1438 973 1523 post
1000 1442 1120 1501 multos
1155 1438 1278 1500 deinde

241 1559 349 1602 annos
370 1542 402 1623 (a
426 1540 554 1603 condita
576 1539 706 1623 Sidona)
738 1562 763 1601 a
787 1560 866 1620 rege
897 1544 1154 1622 Ascaloniorum
1179 1563 1277 1624 eapu-
1340 1595 1344 1610 ,

238 1647 338 1725 gnati
369 1644 513 1727 (Sidonii)
543 1644 686 1704 navibus
714 1643 857 1728 appulsi,
909 1649 1017 1727 Tyron
1046 1648 1161 1707 vrbem
1196 1662 1277 1704 aare

240 1769 367 1811 annum
399 1750 565 1808 Troianae
592 1745 952 1826 cladisoondiderunc.
987 1748 1070 1821 hanc
1090 1748 1277 1830 Alexander,

240 1853 342 1926 illam,
371 1852 589 1937 Palaetyrunr,
627 1849 922 1914 Nabuchodonosor
944 1851 1070 1914 deleuit.

304 1977 376 2037 290.
410 1953 550 2021 Σιδονίων
577 1947 632 2026 τοὶς
661 1949 751 2026 αὖτδς
771 1983 816 2001 -
866 1950 1078 2030 Obseruauit,
1118 1952 1207 2037 quod
1233 1951 1274 2014 se

237 2063 337 2122 riores
356 2058 482 2129 Σιδῶνος
504 2053 650 2131 flectunt,
671 2058 826 2118 Homerus
846 2053 983 2131 Σιδόνος;
1027 2055 1070 2119 est
1093 2075 1199 2119 tamen
1213 2061 1275 2118 iam

236 2168 271 2224 in
300 2161 482 2225 Herodoto*
500 2161 647 2232 Etdkoot‘
690 2161 773 2221 Tum
798 2155 904 2237 αὐτὲις,
941 2159 965 2221 fi
990 2166 1053 2222 vim
1076 2159 1188 2237 habet,
1222 2158 1274 2220 de·

235 2264 290 2329 bet
313 2265 348 2326 id
377 2265 418 2327 ad
437 2269 574 2348 pretium
598 2262 912 2350 augendum·facere.

222 2411 252 2448 ¹-
298 2370 379 2431 Sunt
409 2386 514 2430 autem
553 2365 630 2430 haec
652 2367 654 2372 ’
667 2371 768 2447 petita
802 2387 840 2427 ex
873 2365 1152 2444 Antehomericis,'
1192 2384 1274 2450 qnae

236 2486 342 2534 tamen
366 2472 522 2532 Homerus
549 2474 614 2530 Iam
650 2485 760 2540 norat:
804 2467 1024 2552 persequutum
1046 2493 1084 2533 ea
1106 2488 1173 2533 erat
1198 2473 1275 2531 Car·

233 2595 308 2636 men
330 2576 496 2658 Cyprium:
539 2589 578 2632 ex
602 2574 667 2632 eiua
691 2587 874 2656 argumento
899 2589 1001 2654 patet,
1042 2573 1188 2636 Paridem
1218 2570 1272 2632 ab·

234 2677 331 2738 ducta
363 2675 606 2738 Lacedaemone
634 2673 774 2749 Helena,
819 2674 1042 2758 tempestatea
1071 2679 1193 2738 Iunone
1216 2683 1270 2737 im-

122 2849 127 2853 „
230 2778 317 2841 missa
347 2783 516 2856 iactatum,
560 2781 595 2840 in
622 2798 746 2840 errores
775 2777 934 2855 incidisse,
979 2780 1090 2864 quibus
1115 2781 1158 2843 ad
1182 2780 1270 2841 Sido·

230 2902 305 2944 nem
330 2878 375 2948 est
398 2881 519 2946 delatus
531 2905 545 2944 τ.
560 2881 671 2944 vrbem
693 2903 767 2943 eum
788 2887 821 2941 vi
843 2882 954 2976 cepisse
977 2884 1116 2966 indeque
1139 2885 1269 2945 Troiam

231 2984 273 3048 ad
295 2988 421 3066 nuptias
452 2984 655 3050 celebrandas
684 2981 864 3067 properasse
892 2987 1058 3066 (Biblioth.
1083 2987 1146 3068 der·
1174 2988 1268 3046 alceir

228 3089 383 3177 Deferat.
406 3111 420 3151 1
440 3092 486 3155 Sc.
508 3087 690 3152 Anecdota
714 3111 749 3171 p.
782 3091 832 3151 25.
858 3091 932 3169 24).
962 3095 1006 3152 ita
1035 3090 1177 3151 Sidonias
1199 3113 1268 3150 mu·

228 3192 320 3255 lieret
341 3208 446 3276 ceptor
469 3192 650 3255 abduxerat.
670 3194 713 3253 At
731 3196 766 3260 In
786 3188 857 3253 Sch.
879 3189 927 3253 br.
952 3192 1022 3254 Solu
1039 3198 1074 3255 A.
1097 3196 1133 3257 B.
1159 3212 1191 3254 ct
1205 3195 1269 3255 Eu.

227 3292 316 3360 stati.
339 3297 443 3374 Paris,
473 3296 714 3360 Lacedaemone
733 3293 910 3376 proiectus,
955 3317 998 3356 ne
1022 3295 1062 3357 ab
1082 3295 1268 3381 insequenti-
1310 3374 1312 3379 Ι

228 3398 285 3461 bur
308 3400 615 3484 deprehenderetur,
667 3379 847 3483 Aegyptum
877 3413 909 3458 et
941 3398 1093 3466 Sidonem
1121 3406 1269 3484 petierat,

228 3501 324 3587 Itque
344 3504 396 3566 hic
419 3521 505 3569 extra
526 3502 637 3565 vrbem
655 3501 804 3574 seminar,
842 3505 877 3560 in
897 3520 973 3584 quar
995 3504 1167 3580 inciderat,
1200 3519 1267 3567 erat

225 3598 403 3691 praedatur.
460 3609 619 3671 Profectio
648 3604 690 3667 ad
721 3606 900 3688 Aegyptum
930 3604 1005 3666 aliar
1028 3606 1149 3668 fabular
1169 3627 1265 3687 pepe·
1309 3650 1311 3652 »

224 3715 280 3787 rit,
314 3733 391 3797 quas
420 3709 479 3794 ipsi
511 3709 684 3774 sacerdotes
715 3710 862 3793 Aegyptii
890 3712 1072 3769 commentis
1093 3708 1152 3770 suis
1173 3729 1265 3773 orna·

226 3832 337 3879 verant
365 3815 452 3899 apud
474 3815 627 3877 Herodot.
649 3812 697 3886 II,
733 3832 792 3873 ιη
827 3808 870 3894 sq,
906 3810 991 3872 vnde
1014 3811 1111 3874 ducta
1137 3807 1181 3872 est
1199 3812 1261 3906 liu·

225 3919 333 4001 ripidis
371 3917 502 3982 Helena.
567 3917 606 3980 Iu
640 3913 714 3976 Ioco
750 3929 857 3976 tamen
883 3912 1068 3976 Herodoteo
1098 3911 1261 3997 scrupulus

225 4021 312 4085 haud
340 4023 418 4085 leuis
450 4024 618 4093 iniictturr
652 4038 728 4081 nam
750 4038 819 4099 cap.
850 4019 921 4081 118.
943 4014 1038 4097 (vnde
1062 4016 1200 4082 Eustath.
1227 4041 1261 4100 p.

141 4185 145 4202 ,
225 4117 287 4208 643
314 4126 414 4189 muita
454 4121 631 4210 exscripfiti
650 4121 737 4184 Paris
766 4136 929 4196 narrauit,
959 4140 997 4181 ex
1020 4119 1130 4210 Cyprii
1153 4126 1260 4186 carmi·
